@book{goossens93,
    author    = "Goossens, Michel and Mittlebach, Frank and Samarin, Alexander",
    title     = "The Latex Companion",
    year      = "1993",
    publisher = "Addison-Wesley",
    address   = "Reading, Massachusetts"
}

@misc{spotify,
  author = {Thaise Fernandes},
  title = {{Spotify Squad Framework Part I}},
  howpublished = "\url{https://medium.com/project-management-learnings/spotify-squad-framework-part-i-8f74bcfcd761}",
  year = {2017}, 
  note = "[Online; accessed 19-July-2018]"
}

@inproceedings{he2014practical,
  title={Practical lessons from predicting clicks on ads at facebook},
  author={He, Xinran and Pan, Junfeng and Jin, Ou and Xu, Tianbing and Liu, Bo and Xu, Tao and Shi, Yanxin and Atallah, Antoine and Herbrich, Ralf and Bowers, Stuart and others},
  booktitle={Proceedings of the Eighth International Workshop on Data Mining for Online Advertising},
  pages={1--9},
  year={2014},
  organization={ACM}
}

@inproceedings{Chen:2016:XST:2939672.2939785,
 author = {Chen, Tianqi and Guestrin, Carlos},
 title = {XGBoost: A Scalable Tree Boosting System},
 booktitle = {Proceedings of the 22Nd ACM SIGKDD International Conference on Knowledge Discovery and Data Mining},
 series = {KDD '16},
 year = {2016},
 isbn = {978-1-4503-4232-2},
 location = {San Francisco, California, USA},
 pages = {785--794},
 numpages = {10},
 url = {http://doi.acm.org/10.1145/2939672.2939785},
 doi = {10.1145/2939672.2939785},
 acmid = {2939785},
 publisher = {ACM},
 address = {New York, NY, USA},
 keywords = {large-scale machine learning},
} 

@article{langford2009sparse,
  title={Sparse online learning via truncated gradient},
  author={Langford, John and Li, Lihong and Zhang, Tong},
  journal={Journal of Machine Learning Research},
  volume={10},
  number={Mar},
  pages={777--801},
  year={2009}
}

@inproceedings{yi2013predictive,
  title={Predictive model performance: Offline and online evaluations},
  author={Yi, Jeonghee and Chen, Ye and Li, Jie and Sett, Swaraj and Yan, Tak W},
  booktitle={Proceedings of the 19th ACM SIGKDD international conference on Knowledge discovery and data mining},
  pages={1294--1302},
  year={2013},
  organization={ACM}
}

@article{DBLP:journals/corr/abs-1011-1576,
  author    = {Nikos Karampatziakis and
               John Langford},
  title     = {Importance Weight Aware Gradient Updates},
  journal   = {CoRR},
  volume    = {abs/1011.1576},
  year      = {2010},
  url       = {http://arxiv.org/abs/1011.1576},
  archivePrefix = {arXiv},
  eprint    = {1011.1576},
  timestamp = {Mon, 13 Aug 2018 16:47:54 +0200},
  biburl    = {https://dblp.org/rec/bib/journals/corr/abs-1011-1576},
  bibsource = {dblp computer science bibliography, https://dblp.org}
}

@article{duchi2011adaptive,
  title={Adaptive subgradient methods for online learning and stochastic optimization},
  author={Duchi, John and Hazan, Elad and Singer, Yoram},
  journal={Journal of Machine Learning Research},
  volume={12},
  number={Jul},
  pages={2121--2159},
  year={2011}
}

@article{tibshirani1996regression,
  title={Regression shrinkage and selection via the lasso},
  author={Tibshirani, Robert},
  journal={Journal of the Royal Statistical Society. Series B (Methodological)},
  pages={267--288},
  year={1996},
  publisher={JSTOR}
}

@inproceedings{mcmahan2013ad,
  title={Ad click prediction: a view from the trenches},
  author={McMahan, H Brendan and Holt, Gary and Sculley, David and Young, Michael and Ebner, Dietmar and Grady, Julian and Nie, Lan and Phillips, Todd and Davydov, Eugene and Golovin, Daniel and others},
  booktitle={Proceedings of the 19th ACM SIGKDD international conference on Knowledge discovery and data mining},
  pages={1222--1230},
  year={2013},
  organization={ACM}
}

@article{xiao2010dual,
  title={Dual averaging methods for regularized stochastic learning and online optimization},
  author={Xiao, Lin},
  journal={Journal of Machine Learning Research},
  volume={11},
  number={Oct},
  pages={2543--2596},
  year={2010}
}

@article{mcmahan2010adaptive,
  title={Adaptive bound optimization for online convex optimization},
  author={McMahan, H Brendan and Streeter, Matthew},
  journal={arXiv preprint arXiv:1002.4908},
  year={2010}
}

@article{dorogushcatboost,
  title={CatBoost: gradient boosting with categorical features support},
  author={Dorogush, Anna Veronika and Ershov, Vasily and Gulin, Andrey}
}